[gd_scene load_steps=21 format=3 uid="uid://das7vfb47p1gu"]

[ext_resource type="Script" path="res://frontend/ui.gd" id="1_u8d0o"]
[ext_resource type="PackedScene" uid="uid://dwnilx61c8vux" path="res://frontend/nav_button/nav_button.tscn" id="2_aqus8"]
[ext_resource type="PackedScene" uid="uid://c7vxhtwmfrvij" path="res://frontend/transaction_card/transaction_card.tscn" id="2_blo2d"]
[ext_resource type="PackedScene" uid="uid://b2bggjyljc7bp" path="res://frontend/screen/screen.tscn" id="2_ntfb3"]
[ext_resource type="PackedScene" uid="uid://cdmp5ojkbte7r" path="res://frontend/select_ball/select_ball.tscn" id="2_osuu2"]
[ext_resource type="Script" path="res://frontend/size_limiter.gd" id="3_gqvo4"]
[ext_resource type="Script" path="res://frontend/transaction_screen_scroll_container.gd" id="4_ohr2h"]
[ext_resource type="PackedScene" uid="uid://cayw5q4deics1" path="res://frontend/month_card/month_card.tscn" id="6_8khlf"]
[ext_resource type="Script" path="res://frontend/month_card/month_transaction_entry/month_transaction_data.gd" id="7_ux5lb"]
[ext_resource type="Texture2D" uid="uid://b01gxbolxi41o" path="res://assets/icons/credit-card-solid.svg" id="10_g8to8"]
[ext_resource type="Texture2D" uid="uid://ci7gicp3oyvg8" path="res://assets/icons/calendar-days-solid.svg" id="11_neeid"]

[sub_resource type="LabelSettings" id="LabelSettings_ge6qq"]
font_size = 30

[sub_resource type="StyleBoxFlat" id="StyleBoxFlat_5jj2n"]
resource_local_to_scene = true
bg_color = Color(0.164706, 0.14902, 0.152941, 0.619608)
corner_radius_top_left = 20
corner_radius_top_right = 20
corner_radius_bottom_right = 20
corner_radius_bottom_left = 20
corner_detail = 20

[sub_resource type="StyleBoxFlat" id="StyleBoxFlat_wawvc"]
resource_local_to_scene = true
bg_color = Color(0.164706, 0.14902, 0.152941, 0.619608)
corner_radius_top_left = 20
corner_radius_top_right = 20
corner_radius_bottom_right = 20
corner_radius_bottom_left = 20
corner_detail = 20

[sub_resource type="StyleBoxFlat" id="StyleBoxFlat_hts6c"]
resource_local_to_scene = true
bg_color = Color(0.164706, 0.14902, 0.152941, 0.619608)
corner_radius_top_left = 20
corner_radius_top_right = 20
corner_radius_bottom_right = 20
corner_radius_bottom_left = 20
corner_detail = 20

[sub_resource type="StyleBoxFlat" id="StyleBoxFlat_nbdf4"]
resource_local_to_scene = true
bg_color = Color(0.164706, 0.14902, 0.152941, 0.619608)
corner_radius_top_left = 20
corner_radius_top_right = 20
corner_radius_bottom_right = 20
corner_radius_bottom_left = 20
corner_detail = 20

[sub_resource type="StyleBoxFlat" id="StyleBoxFlat_vjbh0"]
resource_local_to_scene = true
bg_color = Color(0.164706, 0.14902, 0.152941, 0.619608)
corner_radius_top_left = 20
corner_radius_top_right = 20
corner_radius_bottom_right = 20
corner_radius_bottom_left = 20
corner_detail = 20

[sub_resource type="StyleBoxFlat" id="StyleBoxFlat_0rfpv"]
resource_local_to_scene = true
bg_color = Color(0.164706, 0.14902, 0.152941, 0.619608)
corner_radius_top_left = 20
corner_radius_top_right = 20
corner_radius_bottom_right = 20
corner_radius_bottom_left = 20
corner_detail = 20

[sub_resource type="Resource" id="Resource_3ude2"]
script = ExtResource("7_ux5lb")
transaction_name = "Ventilador de teto"
transaction_installments = Vector2(0, 0)
transaction_cost = 1200.99
transaction_date_string = "2023-02-13T19:57:00"

[sub_resource type="Resource" id="Resource_spw2m"]
script = ExtResource("7_ux5lb")
transaction_name = "Ventilador de teto"
transaction_installments = Vector2(0, 0)
transaction_cost = 1200.99
transaction_date_string = "2023-02-13T19:57:00"

[node name="UI" type="Control" node_paths=PackedStringArray("select_ball")]
layout_mode = 3
anchors_preset = 15
anchor_right = 1.0
anchor_bottom = 1.0
grow_horizontal = 2
grow_vertical = 2
script = ExtResource("1_u8d0o")
transaction_card_scene = ExtResource("2_blo2d")
month_card_scene = ExtResource("6_8khlf")
select_ball = NodePath("MainScreen/NavBar/SizeLimiter/SelectBall")

[node name="MainScreen" type="Control" parent="."]
layout_mode = 1
anchors_preset = 15
anchor_right = 1.0
anchor_bottom = 1.0
grow_horizontal = 2
grow_vertical = 2

[node name="ColorRect" type="ColorRect" parent="MainScreen"]
layout_mode = 1
anchors_preset = 15
anchor_right = 1.0
anchor_bottom = 1.0
grow_horizontal = 2
grow_vertical = 2
color = Color(0.0784314, 0.0705882, 0.0745098, 1)

[node name="Screens" type="Control" parent="MainScreen"]
unique_name_in_owner = true
layout_mode = 1
anchors_preset = 15
anchor_right = 1.0
anchor_bottom = 1.0
grow_horizontal = 2
grow_vertical = 2

[node name="TransactionsScreen" parent="MainScreen/Screens" instance=ExtResource("2_ntfb3")]
layout_mode = 1

[node name="SizeLimiter" type="Control" parent="MainScreen/Screens/TransactionsScreen/Header" index="0"]
layout_mode = 1
anchors_preset = 15
anchor_right = 1.0
anchor_bottom = 1.0
grow_horizontal = 2
grow_vertical = 2
script = ExtResource("3_gqvo4")
size_limiter_max = 600

[node name="TransactionsLabel" type="Label" parent="MainScreen/Screens/TransactionsScreen/Header/SizeLimiter"]
layout_mode = 1
anchors_preset = -1
anchor_left = 0.05
anchor_top = 0.1
anchor_right = 0.95
anchor_bottom = 0.9
grow_horizontal = 2
grow_vertical = 2
text = "Transações"
label_settings = SubResource("LabelSettings_ge6qq")
vertical_alignment = 1

[node name="SizeLimiter" type="Control" parent="MainScreen/Screens/TransactionsScreen/Content" index="0"]
layout_mode = 1
anchors_preset = 15
anchor_right = 1.0
anchor_bottom = 1.0
offset_top = -3.0
offset_bottom = -3.0
grow_horizontal = 2
grow_vertical = 2
script = ExtResource("3_gqvo4")
size_limiter_max = 600

[node name="TransactionScreenScrollContainer" type="ScrollContainer" parent="MainScreen/Screens/TransactionsScreen/Content/SizeLimiter"]
layout_mode = 1
anchors_preset = -1
anchor_right = 1.0
anchor_bottom = 1.0
grow_horizontal = 2
grow_vertical = 2
horizontal_scroll_mode = 0
vertical_scroll_mode = 3
script = ExtResource("4_ohr2h")

[node name="VBoxContainer" type="VBoxContainer" parent="MainScreen/Screens/TransactionsScreen/Content/SizeLimiter/TransactionScreenScrollContainer"]
layout_mode = 2
size_flags_horizontal = 3
size_flags_vertical = 3
theme_override_constants/separation = 0

[node name="TransactionCardsContainer" type="VBoxContainer" parent="MainScreen/Screens/TransactionsScreen/Content/SizeLimiter/TransactionScreenScrollContainer/VBoxContainer"]
unique_name_in_owner = true
layout_mode = 2
theme_override_constants/separation = 0

[node name="TransactionCard" parent="MainScreen/Screens/TransactionsScreen/Content/SizeLimiter/TransactionScreenScrollContainer/VBoxContainer/TransactionCardsContainer" instance=ExtResource("2_blo2d")]
visible = false
layout_mode = 2
card_panel_stylebox = SubResource("StyleBoxFlat_5jj2n")
transaction_name = "Sorvete no chiquinho"
transaction_date_string = "2023-02-13T19:57:00"
payment_type = "Dinheiro"
transaction_installments = Vector2(2, 18.5)
transaction_description = "Sorvete que comprei em um dia muito quente em São Paulo. "

[node name="TransactionCard2" parent="MainScreen/Screens/TransactionsScreen/Content/SizeLimiter/TransactionScreenScrollContainer/VBoxContainer/TransactionCardsContainer" instance=ExtResource("2_blo2d")]
visible = false
layout_mode = 2
card_panel_stylebox = SubResource("StyleBoxFlat_wawvc")
transaction_name = "Pão de queijo IME"
transaction_date_string = "2023-02-13T12:51:00"
payment_type = "PIX"
transaction_installments = Vector2(1, 5)
transaction_description = "Pão de queijo que comprei no IME à tarde pq estava com fome."

[node name="TransactionCard3" parent="MainScreen/Screens/TransactionsScreen/Content/SizeLimiter/TransactionScreenScrollContainer/VBoxContainer/TransactionCardsContainer" instance=ExtResource("2_blo2d")]
visible = false
layout_mode = 2
card_panel_stylebox = SubResource("StyleBoxFlat_hts6c")

[node name="TransactionCard4" parent="MainScreen/Screens/TransactionsScreen/Content/SizeLimiter/TransactionScreenScrollContainer/VBoxContainer/TransactionCardsContainer" instance=ExtResource("2_blo2d")]
visible = false
layout_mode = 2
card_panel_stylebox = SubResource("StyleBoxFlat_nbdf4")

[node name="TransactionCard5" parent="MainScreen/Screens/TransactionsScreen/Content/SizeLimiter/TransactionScreenScrollContainer/VBoxContainer/TransactionCardsContainer" instance=ExtResource("2_blo2d")]
visible = false
layout_mode = 2
card_panel_stylebox = SubResource("StyleBoxFlat_vjbh0")

[node name="TransactionCard6" parent="MainScreen/Screens/TransactionsScreen/Content/SizeLimiter/TransactionScreenScrollContainer/VBoxContainer/TransactionCardsContainer" instance=ExtResource("2_blo2d")]
visible = false
layout_mode = 2
card_panel_stylebox = SubResource("StyleBoxFlat_0rfpv")

[node name="Control" type="Control" parent="MainScreen/Screens/TransactionsScreen/Content/SizeLimiter/TransactionScreenScrollContainer/VBoxContainer"]
custom_minimum_size = Vector2(0, 110)
layout_mode = 2

[node name="MonthsScreen" parent="MainScreen/Screens" instance=ExtResource("2_ntfb3")]
layout_mode = 1
anchors_preset = -1
anchor_left = 1.0
anchor_right = 2.0

[node name="SizeLimiter" type="Control" parent="MainScreen/Screens/MonthsScreen/Header" index="0"]
layout_mode = 1
anchors_preset = 15
anchor_right = 1.0
anchor_bottom = 1.0
grow_horizontal = 2
grow_vertical = 2
script = ExtResource("3_gqvo4")
size_limiter_max = 600

[node name="MonthsLabel" type="Label" parent="MainScreen/Screens/MonthsScreen/Header/SizeLimiter"]
layout_mode = 1
anchors_preset = -1
anchor_left = 0.05
anchor_top = 0.1
anchor_right = 0.95
anchor_bottom = 0.9
grow_horizontal = 2
grow_vertical = 2
text = "Relatório mensal"
label_settings = SubResource("LabelSettings_ge6qq")
vertical_alignment = 1

[node name="SizeLimiter" type="Control" parent="MainScreen/Screens/MonthsScreen/Content" index="0"]
layout_mode = 1
anchors_preset = 15
anchor_right = 1.0
anchor_bottom = 1.0
offset_top = -3.0
offset_bottom = -3.0
grow_horizontal = 2
grow_vertical = 2
script = ExtResource("3_gqvo4")
size_limiter_max = 600

[node name="TransactionScreenScrollContainer" type="ScrollContainer" parent="MainScreen/Screens/MonthsScreen/Content/SizeLimiter"]
layout_mode = 1
anchors_preset = -1
anchor_right = 1.0
anchor_bottom = 1.0
grow_horizontal = 2
grow_vertical = 2
horizontal_scroll_mode = 0
vertical_scroll_mode = 3
script = ExtResource("4_ohr2h")

[node name="VBoxContainer" type="VBoxContainer" parent="MainScreen/Screens/MonthsScreen/Content/SizeLimiter/TransactionScreenScrollContainer"]
layout_mode = 2
size_flags_horizontal = 3
size_flags_vertical = 3
theme_override_constants/separation = 0

[node name="MonthCardsContainer" type="VBoxContainer" parent="MainScreen/Screens/MonthsScreen/Content/SizeLimiter/TransactionScreenScrollContainer/VBoxContainer"]
unique_name_in_owner = true
layout_mode = 2
theme_override_constants/separation = 0

[node name="MonthCard" parent="MainScreen/Screens/MonthsScreen/Content/SizeLimiter/TransactionScreenScrollContainer/VBoxContainer/MonthCardsContainer" instance=ExtResource("6_8khlf")]
visible = false
layout_mode = 2
month_transactions = Array[ExtResource("7_ux5lb")]([SubResource("Resource_3ude2"), SubResource("Resource_spw2m")])

[node name="MonthCard5" parent="MainScreen/Screens/MonthsScreen/Content/SizeLimiter/TransactionScreenScrollContainer/VBoxContainer/MonthCardsContainer" instance=ExtResource("6_8khlf")]
visible = false
layout_mode = 2

[node name="MonthCard2" parent="MainScreen/Screens/MonthsScreen/Content/SizeLimiter/TransactionScreenScrollContainer/VBoxContainer/MonthCardsContainer" instance=ExtResource("6_8khlf")]
visible = false
layout_mode = 2
month_number = 4
year = 2021

[node name="MonthCard3" parent="MainScreen/Screens/MonthsScreen/Content/SizeLimiter/TransactionScreenScrollContainer/VBoxContainer/MonthCardsContainer" instance=ExtResource("6_8khlf")]
visible = false
layout_mode = 2

[node name="MonthCard4" parent="MainScreen/Screens/MonthsScreen/Content/SizeLimiter/TransactionScreenScrollContainer/VBoxContainer/MonthCardsContainer" instance=ExtResource("6_8khlf")]
visible = false
layout_mode = 2

[node name="Control" type="Control" parent="MainScreen/Screens/MonthsScreen/Content/SizeLimiter/TransactionScreenScrollContainer/VBoxContainer"]
custom_minimum_size = Vector2(0, 110)
layout_mode = 2

[node name="NavBar" type="Control" parent="MainScreen"]
layout_mode = 1
anchor_top = 0.91
anchor_right = 1.0
anchor_bottom = 1.0
grow_horizontal = 2
grow_vertical = 2
size_flags_vertical = 3

[node name="ColorRect" type="ColorRect" parent="MainScreen/NavBar"]
show_behind_parent = true
layout_mode = 1
anchors_preset = -1
anchor_top = 0.595238
anchor_right = 1.0
anchor_bottom = 1.0
grow_horizontal = 2
grow_vertical = 2
color = Color(0.164706, 0.14902, 0.152941, 1)
metadata/_edit_use_anchors_ = true

[node name="SizeLimiter" type="Control" parent="MainScreen/NavBar"]
show_behind_parent = true
layout_mode = 1
anchors_preset = 15
anchor_right = 1.0
anchor_bottom = 1.0
grow_horizontal = 2
grow_vertical = 2
script = ExtResource("3_gqvo4")
size_limiter_max = 400

[node name="SelectBall" parent="MainScreen/NavBar/SizeLimiter" instance=ExtResource("2_osuu2")]
layout_mode = 1
anchor_left = -0.455653
anchor_top = -0.67
anchor_right = -0.105653
anchor_bottom = 0.67
offset_top = -2.67029e-05
offset_bottom = -2.67029e-05

[node name="TransactionsNavButton" parent="MainScreen/NavBar/SizeLimiter" node_paths=PackedStringArray("screen_node") instance=ExtResource("2_aqus8")]
unique_name_in_owner = true
layout_mode = 1
anchor_left = 0.05
anchor_right = 0.35
anchor_bottom = 1.0
grow_horizontal = 1
grow_vertical = 1
screen_node = NodePath("../../../Screens/TransactionsScreen")
icon_texture = ExtResource("10_g8to8")
section_label = "Transações"

[node name="MonthsNavButton" parent="MainScreen/NavBar/SizeLimiter" node_paths=PackedStringArray("screen_node") instance=ExtResource("2_aqus8")]
unique_name_in_owner = true
layout_mode = 1
anchor_left = 0.35
anchor_right = 0.65
anchor_bottom = 1.0
grow_horizontal = 1
grow_vertical = 1
screen_node = NodePath("../../../Screens/MonthsScreen")
icon_texture = ExtResource("11_neeid")
section_label = "Meses"

[node name="NavButton3" parent="MainScreen/NavBar/SizeLimiter" node_paths=PackedStringArray("screen_node") instance=ExtResource("2_aqus8")]
unique_name_in_owner = true
layout_mode = 1
anchor_left = 0.65
anchor_right = 0.95
anchor_bottom = 1.0
grow_horizontal = 1
grow_vertical = 1
screen_node = NodePath("../../../Screens/TransactionsScreen")

[editable path="MainScreen/Screens/TransactionsScreen"]
[editable path="MainScreen/Screens/MonthsScreen"]
